2550 4234
59 411 148 500 iem
173 410 376 526 pertinere
390 407 635 511 viderentur,
660 409 865 523 copiosius
878 407 1008 503 -er'iani

57 551 210 638 poetae
225 525 309 610 vita
324 519 536 636 descripta,
563 551 649 610 vno
665 525 811 626 verbo,
835 551 1007 640 operam
1048 615 1056 630 ‚

58 637 176 746 dedi,
206 659 253 724 vt
267 634 435 748 Tyrtaei
455 632 629 721 carmina
653 663 705 722 eo
726 637 866 724 habitu
890 668 1007 754 appar

58 772 214 847 retent,
270 749 314 832 ui
330 747 490 832 deceret
502 772 648 860 poetae
661 749 865 861 ingenium
895 751 1007 840 ersrr

58 861 186 946 mam.¹
238 776 611 946 sotowminhoc
626 861 794 971 negotio
812 862 910 948 nihil
923 861 1007 977 spe·¹

61 973 169 1058 &aui
182 970 310 1070 aliud,
331 997 452 1084 quarn
464 995 511 1056 vt
525 971 773 1057 Graecarum
785 974 1004 1062 litterarum

16 1156 17 1165 a
59 1084 196 1176 studio
212 1079 441 1167 inseruirem
457 1082 639 1196 illiusque
654 1083 840 1170 ardorem
848 1085 890 1170 in
897 1087 1001 1174 Ger-

59 1191 628 1293 maniaaccenderem‚·aut‚s1
643 1193 750 1285 nefas
764 1197 819 1282 esi
832 1197 930 1284 haec
944 1199 1002 1285 di·=

15 1372 18 1401 ,
60 1335 152 1394 cere
166 1307 285 1392 altem
300 1306 450 1414 Graeci
461 1305 583 1391 libelli
596 1303 786 1394 admone
798 1308 1003 1411 adornata,

14 1444 16 1475 ³
59 1447 252 1532 augerem
269 1442 387 1503 certe
449 1417 746 1506 Constitueram
765 1421 870 1508 oiim
895 1422 1003 1534 apud

59 1533 242 1617 animum
263 1558 418 1628 meum,
452 1529 625 1642 plurium
647 1556 857 1644 poetarum
881 1559 1001 1648 atque
1058 1577 1060 1582 ·

58 1643 264 1755 inprimis,
278 1671 452 1837 puorum
467 1643 684 1754 fragmenta
708 1644 875 1730 molesto
889 1643 1000 1758 saepe

58 1756 200 1841 labore
219 1755 285 1838 col
300 1755 383 1866 egi,
412 1753 655 1865 Lyricorum
671 1753 924 1841 Graecorum
937 1759 997 1841 in·

58 1866 347 1978 terpretatione
360 1887 403 1948 wet
419 1863 698 1950 emendatione
707 1866 808 1950 bene
818 1867 868 1951 de
876 1868 924 1951 iis
933 1865 998 1950 iit·

59 1979 155 2064 teris
170 1979 331 2084 mereri,
363 2004 385 2058 e
431 2001 570 2061 uarum
586 2003 724 2062 amore
748 2005 812 2062 me
825 1977 997 2064 incredi-

59 2090 183 2178 bilem
198 2087 349 2202 semper
362 2005 613 2201 vriiuptatem
635 2087 776 2200 cepisse
790 2119 996 2204 nunquam

14 2226 16 2301 r
59 2197 277 2288 obliuiscar.
329 2199 414 2287 sea
427 2223 579 2285 mutata
602 2226 735 2288 rerum
756 2203 994 2288 conditione

59 2337 311 2440 auocatoque
329 2313 466 2397 animo
482 2311 608 2398 abhis
625 2313 773 2400 criticis
789 2312 923 2398 studiis
935 2314 992 2398 ni-

57 2425 116 2512 hil
140 2453 207 2510 me
221 2423 420 2510 erusmodi
443 2423 606 2536 posthac
628 2420 894 2536 suscepturum
918 2423 993 2510 esse

58 2536 267 2652 profiteor.
323 2537 434 2621 quat
458 2565 508 2622 ex
527 2535 601 2620 hac
626 2564 790 2650 quoque
807 2533 991 2636 sapientia

58 2649 229 2734 modurn
244 2648 430 2746 retinere,
458 2676 533 2731 nec
558 2646 777 2732 litterarum
799 2649 991 2758 intempe-

58 2763 183 2846 rantia
215 2787 281 2845 me
308 2756 493 2845 laborasse
520 2753 609 2843 sore
639 2759 762 2844 credo
784 2760 853 2872 qui
875 2759 990 2844 dicat.

57 2871 223 2960 Excedo
239 2872 361 2983 igitur
373 2869 522 2972 castris,
537 2871 581 2955 in
598 2869 762 2984 quibus,
784 2866 855 2956 nisr
870 2867 989 2955 felici·

58 3011 119 3072 ter
132 3007 173 3070 et
187 3011 280 3068 cum
294 2981 484 3095 gloriola,
497 2978 657 3066 sortiter
683 3005 838 3082 tamen,
861 3007 907 3068 vt
924 2983 988 3066 de·
1085 3031 1088 3038 ·

58 3125 147 3184 cere
159 3095 269 3181 aiunt
285 3093 505 3192 Criticum‚
530 3092 659 3177 immo
675 3091 839 3197 sortiuS,
868 3119 989 3208 quam

57 3237 183 3306 nunc,
216 3205 471 3320 posteaquam
501 3201 759 3290 adolescentia
791 3202 988 3290 deferbuit

57 3319 258 3432 multaque
285 3343 389 3404 aetas
419 3343 460 3404 et
487 3316 571 3401 dies
600 3316 817 3427 mitigarat,
844 3315 987 3398 vellem

72 3429 152 3545 pse,
174 3431 364 3535 militaui,
379 3454 438 3535 et,
455 3456 555 3544 quae
570 3427 717 3514 diutius
733 3423 895 3510 calidius
924 3451 990 3524 ue,

59 3572 175 3661 quam
210 3540 422 3658 sperarem,
472 3567 594 3699 quapr
631 3533 855 3626 iucundum
858 3566 907 3738 De
936 3561 988 3639 et,
1103 3548 1106 3558 '

235 3671 243 3684 ·
397 3705 401 3711 ·
520 3656 540 3700 *
744 3693 799 3746 ,¹
901 3648 992 3736 iuae
